@book{ting,
    author={Daniel Ting},
    title={Towards Optimal Cardinality Estimation of Unions and Intersections with Sketches},
    year={2016}
}

@book{oertl,
    author={Otmar Ertl},
    title={New cardinality estimation algorithms for HyperLogLog sketches},
    year={2017}
}

@book{hll,
    author={Philippe Flajolet, Éric Fusy, Olivier Gandouet, Frédéric Meunier},
    title={HyperLogLog: the analysis of a near-optimal cardinality estimation algorithm},
    year={2007}
}

@book{minhash,
    author={Rasmus Pagh, Morten Stöckel, David P. Woodruff},
    title={Is Min-Wise Hashing Optimal for Summarizing Set Intersection?},
    year={2014}
}

@book{streamed,
    author={Daniel Ting},
    title={Streamed Approximate Counting of Distinct Elements},
    year={2014}
}

@book{cons,
    title={Estimators, Mean Square Error, and Consistency},
    year={2006}
}

@book{broder,
    author={Andrei Z. Broder},
    title={On the resemblance and containment of documents},
    year={1997}
}

@book{adroll,
    author={Andrew Pascoe},
    title={HyperLogLog and MinHash, A Union for Intersections},
    year={2013}
}

@book{delta,
    author={phidot.org},
    title={Appendix B - The 'Delta method'},
}



